Scopus
EXPORT DATE: 17 November 2023

@ARTICLE{A1,
	author = {Dominic, James and Tubre, Brock and Kunkel, Deborah and Rodeghero, Paige},
	title = {The human experience of comprehending source code in virtual reality},
	year = {2022},
	journal = {Empirical Software Engineering},
	volume = {27},
	number = {7},
	doi = {10.1007/s10664-022-10196-5},
	url = {https://www.scopus.com/inward/record.uri?eid=2-s2.0-85138371311&doi=10.1007%2fs10664-022-10196-5&partnerID=40&md5=6f63bbd03c2e14f6ddde8f15278b50c9},
	affiliations = {Clemson University, Clemson, SC, United States},
	correspondence_address = {J. Dominic; Clemson University, Clemson, United States; email: domini4@clemson.edu},
	publisher = {Springer},
	issn = {13823256},
	coden = {ESENF},
	language = {English},
	abbrev_source_title = {Empir Software Eng},
	type = {Article},
	publication_stage = {Final},
	source = {Scopus},
	note = {Cited by: 0; All Open Access, Bronze Open Access, Green Open Access}
}