

@ARTICLE{A1,
	author = {Saleh, Abdulrazak Yahya and Chin, Goh Suk and Othman, Mohd Kamal and Mohamad, Fitri Suraya and Chen, Chwen Jen},
	title = {Immersive Visualization of Python Coding Using Virtual Reality},
	year = {2023},
	journal = {International Journal on Advanced Science, Engineering and Information Technology},
	volume = {13},
	number = {1},
	pages = {336 – 347},
	doi = {10.18517/ijaseit.13.1.16028},
	url = {https://www.scopus.com/inward/record.uri?eid=2-s2.0-85150998076&doi=10.18517%2fijaseit.13.1.16028&partnerID=40&md5=29749fe9e16e942e655abf7690b02bb0},
	type = {Article},
	publication_stage = {Final},
	source = {Scopus},
	note = {Cited by: 0; All Open Access, Green Open Access, Hybrid Gold Open Access}
}