@ARTICLE{9229242,
  author={Lee, Benjamin and Brown, Dave and Lee, Bongshin and Hurter, Christophe and Drucker, Steven and Dwyer, Tim},
  journal={IEEE Transactions on Visualization and Computer Graphics}, 
  title={Data Visceralization: Enabling Deeper Understanding of Data Using Virtual Reality}, 
  year={2021},
  volume={27},
  number={2},
  pages={1095-1105},
  doi={10.1109/TVCG.2020.3030435}}
