@inproceedings{A1,
  title={Visualizing Code Smells Tables or Code Cities A Controlled Experiment},
  author={Galperin, Falko and Koschke, Rainer and Steinbeck, Marcel},
  booktitle={2022 Working Conference on Software Visualization (VISSOFT)},
  pages={51--62},
  year={2022},
  organization={IEEE}
}