@article{A1,
  title={Gamified Virtual Reality for Program Code Structure Comprehension.},
  author={Oberhauser, Roy and Lecon, Carsten},
  journal={International Journal of Virtual Reality},
  volume={17},
  number={2},
  year={2017}
}