@article{A32,
  title={Collaborative, Code-Proximal Dynamic Software Visualization within Code Editors},
  author={Krause-Glau, Alexander and Hasselbring, Wilhelm},
  journal={arXiv preprint arXiv:2308.15785},
  year={2023}
}