@inproceedings{oberhauser2022vr,
  title={VR-TestCoverage: Test Coverage Visualization and Immersion in Virtual Reality},
  author={Oberhauser, Roy},
  booktitle={Proceedings of the The Fourteenth International Conference on Advances in System Testing and Validation Lifecycle},
  pages={1--6},
  year={2022}
}